@misc{who-2015,
	author = {World Health Organisation},
	title = "{World Malaria Report}",
	year = {2015},
	url = {http://www.who.int/malaria/publications/world-malaria-report-2015/report/en/},
	note = {Accessed: 2016-06-15},
},

@article{humphrey2013feature,
  title={Feature learning and deep architectures: new directions for music informatics},
  author={Humphrey, Eric J and Bello, Juan P and LeCun, Yann},
  journal={Journal of Intelligent Information Systems},
  volume={41},
  number={3},
  pages={461--481},
  year={2013},
  publisher={Springer}
},


@inproceedings{goeau2014lifeclef,
  title={LifeCLEF bird identification task 2014},
  author={Go{\"e}au, Herv{\'e} and Glotin, Herv{\'e} and Vellinga, Willem-Pier and Planqu{\'e}, Robert and Rauber, Andreas and Joly, Alexis},
  booktitle={CLEF: Conference and Labs of the Evaluation forum},
  year={2014}
},


@inproceedings{goeau2015lifeclef,
	title={{LifeCLEF} bird identification task 2015},
	author={Go{\"e}au, Herv{\'e} and Glotin, Herv{\'e} and Vellinga, Willem-Pier and Planqu{\'e}, Robert and Rauber, Andreas and Joly, Alexis},
	booktitle={CLEF2015},
	year={2015}
},

@inproceedings{joly2016lifeclef,
	title={{LifeCLEF} 2016: multimedia life species identification challenges},
	author={Joly, Alexis and Go{\"e}au, Herv{\'e} and Glotin, Herv{\'e} and Spampinato, Concetto and Bonnet, Pierre and Vellinga, Willem-Pier and Champ, Julien and Planqu{\'e}, Robert and Palazzo, Simone and M{\"u}ller, Henning},
	booktitle={International Conference of the Cross-Language Evaluation Forum for European Languages},
	pages={286--310},
	year={2016},
	organization={Springer}
},


@article{bansal2015heisenberg,
  title={Heisenberg Uncertainty Inequality for Gabor Transform},
  author={Bansal, Ashish and Kumar, Ajay},
  journal={arXiv preprint arXiv:1507.00446},
  year={2015}
},

@article{valens1999really,
  title={A really friendly guide to wavelets},
  author={Valens, Clemens},
  journal={ed. Clemens Valens},
  year={1999}
},

@article{potamitis2016deep,
  title={Deep learning for detection of bird vocalisations},
  author={Potamitis, Ilyas},
  journal={arXiv preprint arXiv:1609.08408},
  year={2016}
},

@article{sainath2015deep,
  title={Deep convolutional neural networks for large-scale speech tasks},
  author={Sainath, Tara N and Kingsbury, Brian and Saon, George and Soltau, Hagen and Mohamed, Abdel-rahman and Dahl, George and Ramabhadran, Bhuvana},
  journal={Neural Networks},
  volume={64},
  pages={39--48},
  year={2015},
  publisher={Elsevier}
},

@article{gwardys2014deep,
  title={Deep Image Features in Music Information Retrieval},
  author={Gwardys, Grzegorz and Grzywczak, Daniel},
  journal={International Journal of Electronics and Telecommunications},
  volume={60},
  number={4},
  pages={321--326},
  year={2014}
},

@article{sprengel2016audio,
  title={Audio based bird species identification using deep learning techniques},
  author={Sprengel, Elias and Martin Jaggi, YK and Hofmann, T},
  journal={Working notes of CLEF},
  year={2016}
},

@article{raman2007detecting,
  title={Detecting insect flight sounds in the field: Implications for acoustical counting of mosquitoes},
  author={Raman, D Raj and Gerhardt, Reid R and Wilkerson, John B},
  journal ={Agricultural and Biosystems Engineering Publications and Papers},
  year = {2007}
},

@article{chen2014flying,
  title={Flying insect classification with inexpensive sensors},
  author={Chen, Yanping and Why, Adena and Batista, Gustavo and Mafra-Neto, Agenor and Keogh, Eamonn},
  journal={Journal of insect behavior},
  volume={27},
  number={5},
  pages={657--677},
  year={2014},
  publisher={Springer}
},

@article{moore2002automated,
  title={Automated identification of optically sensed aphid (Homoptera: Aphidae) wingbeat waveforms},
  author={Moore, Aubrey and Miller, Ross H},
  journal={Annals of the Entomological Society of America},
  volume={95},
  number={1},
  pages={1--8},
  year={2002},
  publisher={BioOne}
},

@article{li2005automated,
  title={Automated identification of mosquito (diptera: Culicidae) wingbeat waveform by artificial neural network},
  author={Li, Zhenyu and Zhou, Zuji and Shen, Zuorui and Yao, Qing},
  journal={Artificial Intelligence Applications and Innovations},
  pages={483--489},
  year={2005},
  publisher={Springer}
},

@article{moore1986automated,
  title={Automated identification of flying insects by analysis of wingbeat frequencies},
  author={Moore, Aubrey and Miller, James R and Tabashnik, Bruce E and Gage, Stuart H},
  journal={Journal of Economic Entomology},
  volume={79},
  number={6},
  pages={1703--1706},
  year={1986},
  publisher={The Oxford University Press}
},

@misc{mirex2016,
	author = {MIREX},
	url = {http://www.music-ir.org/mirex/results/2016/mirex_2016_poster.pdf},
	title = {2016 results},
	year = {2016},

	note = {Accessed: 2017-04-07}
},

@misc{mirex2016chord,
	author = {MIREX},
	url = {http://www.music-ir.org/mirex/abstracts/2016/FK2.pdf},
	title = {2016 results},
	year = {2016},

	note = {Accessed: 2017-04-07}
},

@article{korzeniowski2016feature,
  title={Feature learning for chord recognition: the deep chroma extractor},
  author={Korzeniowski, Filip and Widmer, Gerhard},
  journal={arXiv preprint arXiv:1612.05065},
  year={2016}
},

@article{van2016wavenet,
  title={Wavenet: A generative model for raw audio},
  author={van den Oord, A{\"a}ron and Dieleman, Sander and Zen, Heiga and Simonyan, Karen and Vinyals, Oriol and Graves, Alex and Kalchbrenner, Nal and Senior, Andrew and Kavukcuoglu, Koray},
  journal={CoRR abs/1609.03499},
  year={2016}
},

@inproceedings{krizhevsky2012imagenet,
  title={Imagenet classification with deep convolutional neural networks},
  author={Krizhevsky, Alex and Sutskever, Ilya and Hinton, Geoffrey E},
  booktitle={Advances in neural information processing systems},
  pages={1097--1105},
  year={2012}
},

@inproceedings{silva2013applying,
  title={Applying machine learning and audio analysis techniques to insect recognition in intelligent traps},
  author={Silva, Diego F and De Souza, Vinicius MA and Batista, Gustavo EAPA and Keogh, Eamonn and Ellis, Daniel PW},
  booktitle={Machine Learning and Applications (ICMLA), 2013 12th International Conference on},
  volume={1},
  pages={99--104},
  year={2013},
  organization={IEEE}
},

@article{daubechies2011synchrosqueezed,
  title={Synchrosqueezed Wavelet Transforms: An Empirical Mode Decomposition-like Tool},
  author={Daubechies, Ingrid and Lu, Jianfeng and Wu, Hau-Tieng},
  journal={Applied and computational harmonic analysis},
  volume={30},
  number={2},
  pages={243--261},
  year={2011},
  publisher={Elsevier}
},

@article{chesmore2004automated,
  title={Automated identification of field-recorded songs of four {British} grasshoppers using bioacoustic signal recognition},
  author={Chesmore, ED and Ohya, E},
  journal={Bulletin of Entomological Research},
  volume={94},
  number={04},
  pages={319--330},
  year={2004},
  publisher={Cambridge Univ Press}
},

@article{parsons2000,
  title={Acoustic identification of twelve species of echolocating bat by discriminant function analysis and artificial neural networks},
  author={Parsons, Stuart and Jones, Gareth},
  journal={Journal of Experimental Biology},
  volume={203},
  number={17},
  pages={2641--2656},
  year={2000},
  publisher={The Company of Biologists Ltd}
},

@article{zilli2014hidden,
  title={A hidden {Markov} model-based acoustic cicada detector for crowdsourced smartphone biodiversity monitoring},
  author={Zilli, Davide and Parson, Oliver and Merrett, Geoff V and Rogers, Alex},
  journal={Journal of Artificial Intelligence Research},
  volume={51},
  pages={805--827},
  year={2014}
}, 

@inproceedings{leqing2010insect,
  title={Insect sound recognition based on SBC and HMM},
  author={Leqing, Zhu and Zhen, Zhang},
  booktitle={Intelligent Computation Technology and Automation (ICICTA), 2010 International Conference on},
  volume={2},
  pages={544--548},
  year={2010},
  organization={IEEE}
},

@article{Pinhas2008,
author = {Pinhas, J and Soroker, V and Hetzoni, A and Mizrach, A and Teicher, M and Goldberger, J},
file = {:Users/dav/Library/Application Support/Mendeley Desktop/Downloaded/Pinhas et al. - 2008 - Automatic acoustic detection of the red palm weevil(2).pdf:pdf},
journal = {Computer and Electronics in Agriculture},
mendeley-groups = {Bioacoustics/Automated Identification/Insects},
pages = {131--139},
title = {{Automatic acoustic detection of the red palm weevil}},
url = {http://www.sciencedirect.com/science/article/pii/S0168169908000628},
volume = {63},
year = {2008}
},

@inproceedings{Potamitis2007,
author = {Potamitis, Ilyas and Ganchev, T. and Fakotakis, N.},
booktitle = {Nineth International Symposium on Signal Processing and Its Applications, 2007. ISSPA 2007.},
file = {:Volumes/DATA/Dropbox/Uni/DTC1/Papers/Potamitis, Ganchev, Fakotakis - 2007 - Automatic acoustic identification of crickets and cicadas.pdf:pdf},
keywords = {acr},
mendeley-groups = {Bioacoustics/Automated Identification},
mendeley-tags = {acr},
pages = {1--4},
title = {{Automatic acoustic identification of crickets and cicadas}},
url = {http://ieeexplore.ieee.org/document/4555462/},
year = {2007}
},

@article {oswald2003,
author = {Oswald, Julie N. and Barlow, Jay and Norris, Thomas F.},
title = {Acoustic Identification of Nine Delphinid Species in the Eastern Tropical Pacific Ocean},
journal = {Marine Mammal Science},
volume = {19},
number = {1},
publisher = {Blackwell Publishing Ltd},
issn = {1748-7692},
url = {http://dx.doi.org/10.1111/j.1748-7692.2003.tb01090.x},
doi = {10.1111/j.1748-7692.2003.tb01090.x},
pages = {20--037},
keywords = {species identification, towed hydrophone array, sonobuoy, discriminant function analysis, decision tree, dolphin, whistle, acoustic, Stenella longirostris, Stenella attenuata, Stenella coeruleoalba, Delphinus delphis, Delphinus capensis, Tursiops truncatus, Steno bredanensis, Globicephala macrorhynchus, Pseudorca crassidens},
year = {2003},
},

@article{clemins2002automatic,
  title={Automatic type classification and speaker identification of {African} elpehant vocalizations},
  author={Clemins, Patrick J and Johnson, Michael T},
  year={2002}
},

@inproceedings{lee2009unsupervised,
  title={Unsupervised feature learning for audio classification using convolutional deep belief networks},
  author={Lee, Honglak and Pham, Peter and Largman, Yan and Ng, Andrew Y},
  booktitle={Advances in neural information processing systems},
  pages={1096--1104},
  year={2009}
},

@article{stevens1937scale,
  title={A scale for the measurement of the psychological magnitude pitch},
  author={Stevens, Stanley Smith and Volkmann, John and Newman, Edwin B},
  journal={The Journal of the Acoustical Society of America},
  volume={8},
  number={3},
  pages={185--190},
  year={1937},
  publisher={ASA}
},

@article{giannakopoulos2015pyaudioanalysis,
  title={py{A}udio{A}nalysis: An open-source {Python} library for audio signal analysis},
  author={Giannakopoulos, Theodoros},
  journal={PloS one},
  volume={10},
  number={12},
  pages={e0144610},
  year={2015},
  publisher={Public Library of Science}
},

@article{ai2012classification,
  title={Classification of speech dysfluencies with {MFCC} and {LPCC} features},
  author={Ai, Ooi Chia and Hariharan, M and Yaacob, Sazali and Chee, Lim Sin},
  journal={Expert Systems with Applications},
  volume={39},
  number={2},
  pages={2157--2165},
  year={2012},
  publisher={Elsevier}
},

@article{li2001classification,
  title={Classification of general audio data for content-based retrieval},
  author={Li, Dongge and Sethi, Ishwar K and Dimitrova, Nevenka and McGee, Tom},
  journal={Pattern recognition letters},
  volume={22},
  number={5},
  pages={533--544},
  year={2001},
  publisher={Elsevier}
},

@book{Goodfellow-et-al-2016,
    title={Deep Learning},
    author={Ian Goodfellow and Yoshua Bengio and Aaron Courville},
    publisher={MIT Press},
    note={\url{http://www.deeplearningbook.org}},
    year={2016}
},

@article{lengeler2004insecticide,
  title={Insecticide-treated nets for malaria control: real gains},
  author={Lengeler, Christian},
  journal={Bulletin of the World Health Organization},
  volume={82},
  number={2},
  pages={84--84},
  year={2004},
  publisher={SciELO Public Health}
},


@article{bhatt2015,
  Author = {Bhatt, S. and Weiss, D. J. and Cameron, E. and Bisanzio, D. and Mappin, B. and Dalrymple, U. and Battle, K. E. and Moyes, C. L. and Henry, A. and Eckhoff, P. A. and Wenger, E. A. and Briet, O. and Penny, M. A. and Smith, T. A. and Bennett, A. and Yukich, J. and Eisele, T. P. and Griffin, J. T. and Fergus, C. A. and Lynch, M. and Lindgren, F. and Cohen, J. M. and Murray, C. L. J. and Smith, D. L. and Hay, S. I. and Cibulskis, R. E. and Gething, P. W.},
  Journal = {Nature},
  Month = {10},
  Number = {7572},
  Pages = {207--211},
  Title = {The effect of malaria control on {Plasmodium} falciparum in {Africa} between 2000 and 2015},
  Volume = {526},
  Year = {2015}
},

@article{alphey2010sterile,
  title={Sterile-insect methods for control of mosquito-borne diseases: an analysis},
  author={Alphey, Luke and Benedict, Mark and Bellini, Romeo and Clark, Gary G and Dame, David A and Service, Mike W and Dobson, Stephen L},
  journal={Vector-Borne and Zoonotic Diseases},
  volume={10},
  number={3},
  pages={295--311},
  year={2010},
  publisher={Mary Ann Liebert, Inc. 140 Huguenot Street, 3rd Floor New Rochelle, NY 10801 USA}
},

@book{akay1998time,
  title={Time Frequency and Wavelets in Biomedical Signal Processing},
  author={Akay, Metin},
  year={1998},
  publisher={IEEE press series in Biomedical Engineering}
},

@article{vialatte2009bump,
  title={Bump time-frequency toolbox: a toolbox for time-frequency oscillatory bursts extraction in electrophysiological signals},
  author={Vialatte, Fran{\c{c}}ois B and Sol{\'e}-Casals, Jordi and Dauwels, Justin and Maurice, Monique and Cichocki, Andrzej},
  journal={BMC neuroscience},
  volume={10},
  number={1},
  pages={46},
  year={2009},
  publisher={BioMed Central}
},

@article{guyon2002gene,
  title={Gene selection for cancer classification using support vector machines},
  author={Guyon, Isabelle and Weston, Jason and Barnhill, Stephen and Vapnik, Vladimir},
  journal={Machine learning},
  volume={46},
  number={1},
  pages={389--422},
  year={2002},
  publisher={Springer}
},

@article{srivastava2014dropout,
  title={Dropout: a simple way to prevent neural networks from overfitting.},
  author={Srivastava, Nitish and Hinton, Geoffrey E and Krizhevsky, Alex and Sutskever, Ilya and Salakhutdinov, Ruslan},
  journal={Journal of Machine Learning Research},
  volume={15},
  number={1},
  pages={1929--1958},
  year={2014}
},

@article{bhattacharya2016southern,
  title={The southern house mosquito, {Culex} quinquefasciatus: profile of a smart vector},
  author={Bhattacharya, Sajal and Basu, Probal},
  journal={J Entomol Zoo Stud},
  volume={4},
  pages={73--81},
  year={2016}
},

@article{WHO2016,
  title={World malaria report 2016},
  author={{World Health Organization} and others},
  journal={Geneva: WHO. Embargoed until},
  volume={13},
  year={2016}
}

@misc{WHO2014factsheet,
  title={{W}orld {H}ealth {O}rganization fact sheet 387, vector-borne diseases},
  author={{World Health Organization} and others},
  journal={Geneva: WHO. Embargoed until},
  year={2014},
  url={http://www.who.int/kobe_centre/mediacentre/vbdfactsheet.pdf},
  note = {Accessed: 2017-04-21},
},

@article{potamitis2014classifying,
  title={Classifying insects on the fly},
  author={Potamitis, Ilyas},
  journal={Ecological Informatics},
  volume={21},
  pages={40--49},
  year={2014},
  publisher={Elsevier}
},

@article{Mukundarajan2017,
	author = {Mukundarajan, Haripriya and Hol, Felix J H and Castillo, Erica A and Newby, Cooper and Prakash, Manu},
	title = {Using Mobile Phones As Acoustic Sensors For High-Throughput Surveillance Of Mosquito Ecology},
	year = {2017},
	doi = {10.1101/120519},
	publisher = {Cold Spring Harbor Labs Journals},
	abstract = {The lack of high-resolution field data on the abundance, species and distribution of mosquitoes is a serious impediment to effective control of mosquito-borne disease, yet the availability of high-throughput, low-cost surveillance techniques remains a bottleneck in generating such data. Here, we establish that commercially available mobile phones (including low-cost basic models) are a powerful tool to probe mosquito activity, by sensitively acquiring acoustic data on their species-specific wingbeat sounds, together with the time and location of the human-mosquito encounter. We survey a range of medically important mosquito species to quantitatively demonstrate how acoustic recordings supported by spatio-temporal metadata enable rapid, non-invasive species identification. As proof-of-concept, we carry out field demonstrations where minimally-trained users map local mosquito fauna using their personal phones. Thus, by leveraging the global mobile phone infrastructure with the potential for engaging citizen scientists, our approach enables continuous large-scale acquisition of mosquito surveillance data in resource-constrained areas.},
	URL = {http://www.biorxiv.org/content/early/2017/03/25/120519},
	eprint = {http://www.biorxiv.org/content/early/2017/03/25/120519.full.pdf},
	journal = {bioRxiv}
},

@book{bretthorst2013bayesian,
  title={Bayesian spectrum analysis and parameter estimation},
  author={Bretthorst, G Larry},
  volume={48},
  year={2013},
  publisher={Springer Science \& Business Media}
},

@inproceedings{mcvicar2016learning,
  title={Learning to separate vocals from polyphonic mixtures via ensemble methods and structured output prediction},
  author={McVicar, M and Santos-Rodr, R and De Bie, T and others},
  booktitle={2016 IEEE International Conference on Acoustics, Speech and Signal Processing (ICASSP)},
  pages={450--454},
  year={2016},
  organization={IEEE}
},

@book{nielsen2015webbook,
title={Neural Networks and Deep Learning},
author={A. Nielsen, Michael},
year={2015},
publisher={Determination Press}
},

@inproceedings{humphrey2011non,
  title={Non-linear semantic embedding for organizing large instrument sample libraries},
  author={Humphrey, Eric J and Glennon, Aron P and Bello, Juan Pablo},
  booktitle={Machine Learning and Applications and Workshops (ICMLA), 2011 10th International Conference on},
  volume={2},
  pages={142--147},
  year={2011},
  organization={IEEE}
},

@article{espi2015exploiting,
  title={Exploiting spectro-temporal locality in deep learning based acoustic event detection},
  author={Espi, Miquel and Fujimoto, Masakiyo and Kinoshita, Keisuke and Nakatani, Tomohiro},
  journal={EURASIP Journal on Audio, Speech, and Music Processing},
  volume={2015},
  number={1},
  pages={1},
  year={2015},
  publisher={Springer International Publishing}
},

@article{anandconvoluted,
  title={Convoluted Feelings Convolutional and recurrent nets for detecting emotion from audio data},
  author={Anand, Namrata and Verma, Prateek}
},

@inproceedings{dieleman2014end,
  title={End-to-end learning for music audio},
  author={Dieleman, Sander and Schrauwen, Benjamin},
  booktitle={2014 IEEE International Conference on Acoustics, Speech and Signal Processing (ICASSP)},
  pages={6964--6968},
  year={2014},
  organization={IEEE}
},

@article{bell1997independent,
  title={The “independent components” of natural scenes are edge filters},
  author={Bell, Anthony J and Sejnowski, Terrence J},
  journal={Vision research},
  volume={37},
  number={23},
  pages={3327--3338},
  year={1997},
  publisher={Elsevier}
},

@inproceedings{abdallah2001if,
  title={If the independent components of natural images are edges, what are the independent components of natural sounds},
  author={Abdallah, Samer A and Plumbley, Mark D},
  booktitle={Proceedings of International Conference on Independent Component Analysis and Signal Separation (ICA2001)},
  pages={534--539},
  year={2001}
},

@article{juang2005automatic,
  title={Automatic speech recognition--a brief history of the technology development},
  author={Juang, Biing-Hwang and Rabiner, Lawrence R},
  journal={Georgia Institute of Technology. Atlanta Rutgers University and the University of California. Santa Barbara},
  volume={1},
  pages={67},
  year={2005}
},

@article{bishop2006pattern,
  title={Pattern recognition},
  author={Bishop, Christopher M},
  journal={Machine Learning},
  volume={128},
  pages={1--58},
  year={2006}
},

@article{rabiner1993fundamentals,
  title={Fundamentals of speech recognition},
  author={Rabiner, Lawrence R and Juang, Biing-Hwang},
  year={1993},
  publisher={PTR Prentice Hall}
}.

@inproceedings{deng2014achievements,
  title={Achievements and Challenges of Deep Learning—From Speech Analysis and Recognition to Language and Multimodal Processing},
  author={Deng, Li},
  booktitle={Fifteenth Annual Conference of the International Speech Communication Association},
  year={2014}
}.


@article{phan2016robust,
  title={Robust Audio Event Recognition with 1-Max Pooling Convolutional Neural Networks},
  author={Phan, Huy and Hertel, Lars and Maass, Marco and Mertins, Alfred},
  journal={arXiv preprint arXiv:1604.06338},
  year={2016}
},

@inproceedings{dahl2013improving,
  title={Improving deep neural networks for LVCSR using rectified linear units and dropout},
  author={Dahl, George E and Sainath, Tara N and Hinton, Geoffrey E},
  booktitle={Acoustics, Speech and Signal Processing (ICASSP), 2013 IEEE International Conference on},
  pages={8609--8613},
  year={2013},
  organization={IEEE}
},

@article{dahl2012context,
  title={Context-dependent pre-trained deep neural networks for large-vocabulary speech recognition},
  author={Dahl, George E and Yu, Dong and Deng, Li and Acero, Alex},
  journal={IEEE Transactions on Audio, Speech, and Language Processing},
  volume={20},
  number={1},
  pages={30--42},
  year={2012},
  publisher={IEEE}
},

@article{mohamed2012acoustic,
  title={Acoustic modeling using deep belief networks},
  author={Mohamed, Abdel-rahman and Dahl, George E and Hinton, Geoffrey},
  journal={IEEE Transactions on Audio, Speech, and Language Processing},
  volume={20},
  number={1},
  pages={14--22},
  year={2012},
  publisher={IEEE}
},


@article{mostefa2007chil,
  title={The CHIL audiovisual corpus for lecture and meeting analysis inside smart rooms},
  author={Mostefa, Djamel and Moreau, Nicolas and Choukri, Khalid and Potamianos, Gerasimos and Chu, Stephen M and Tyagi, Ambrish and Casas, Josep R and Turmo, Jordi and Cristoforetti, Luca and Tobia, Francesco and others},
  journal={Language Resources and Evaluation},
  volume={41},
  number={3-4},
  pages={389--407},
  year={2007},
  publisher={Springer}
},

@inproceedings{giannoulis2013detection,
  title={Detection and classification of acoustic scenes and events: An IEEE AASP challenge},
  author={Giannoulis, Dimitrios and Benetos, Emmanouil and Stowell, Dan and Rossignol, Mathias and Lagrange, Mathieu and Plumbley, Mark D},
  booktitle={Applications of Signal Processing to Audio and Acoustics (WASPAA), 2013 IEEE Workshop on},
  pages={1--4},
  year={2013},
  organization={IEEE}
},


@inproceedings{wilson2016deep,
  title={Deep kernel learning},
  author={Wilson, Andrew Gordon and Hu, Zhiting and Salakhutdinov, Ruslan and Xing, Eric P},
  booktitle={Proceedings of the 19th International Conference on Artificial Intelligence and Statistics},
  pages={370--378},
  year={2016}
},

@article{hinton2012deep,
  title={Deep neural networks for acoustic modeling in speech recognition: The shared views of four research groups},
  author={Hinton, Geoffrey and Deng, Li and Yu, Dong and Dahl, George E and Mohamed, Abdel-rahman and Jaitly, Navdeep and Senior, Andrew and Vanhoucke, Vincent and Nguyen, Patrick and Sainath, Tara N and others},
  journal={IEEE Signal Processing Magazine},
  volume={29},
  number={6},
  pages={82--97},
  year={2012},
  publisher={IEEE}
},

@article{hinton2012improving,
  title={Improving neural networks by preventing co-adaptation of feature detectors},
  author={Hinton, Geoffrey E and Srivastava, Nitish and Krizhevsky, Alex and Sutskever, Ilya and Salakhutdinov, Ruslan R},
  journal={arXiv preprint arXiv:1207.0580},
  year={2012}
},



@article{swersky2014raiders,
  title={Raiders of the lost architecture: Kernels for Bayesian optimization in conditional parameter spaces},
  author={Swersky, Kevin and Duvenaud, David and Snoek, Jasper and Hutter, Frank and Osborne, Michael A},
  journal={arXiv preprint arXiv:1409.4011},
  year={2014}
},

@inproceedings{snoek2012practical,
  title={Practical bayesian optimization of machine learning algorithms},
  author={Snoek, Jasper and Larochelle, Hugo and Adams, Ryan P},
  booktitle={Advances in neural information processing systems},
  pages={2951--2959},
  year={2012}
},

@inproceedings{denker1991transforming,
  title={Transforming neural-net output levels to probability distributions},
  author={Denker, John S and Lecun, Yann},
  booktitle={Advances in neural information processing systems},
  pages={853--859},
  year={1991}
},

@book{coello2007evolutionary,
  title={Evolutionary algorithms for solving multi-objective problems},
  author={Coello, Carlos A Coello and Lamont, Gary B and Van Veldhuizen, David A and others},
  volume={5},
  year={2007},
  publisher={Springer}
},

@article{rabiner1989tutorial,
  title={A tutorial on hidden Markov models and selected applications in speech recognition},
  author={Rabiner, Lawrence R},
  journal={Proceedings of the IEEE},
  volume={77},
  number={2},
  pages={257--286},
  year={1989},
  publisher={Ieee}
},


@inproceedings{waibel1988phoneme,
  title={Phoneme recognition: neural networks vs. hidden Markov models vs. hidden Markov models},
  author={Waibel, Alexander and Hanazawa, Toshiyuki and Hinton, Geoffrey and Shikano, Kiyohiro and Lang, K},
  booktitle={Acoustics, Speech, and Signal Processing, 1988. ICASSP-88., 1988 International Conference on},
  pages={107--110},
  year={1988},
  organization={IEEE}
},


@inproceedings{li2013hybrid,
  title={Hybrid Deep Neural Network--Hidden Markov Model (DNN-HMM) Based Speech Emotion Recognition},
  author={Li, Longfei and Zhao, Yong and Jiang, Dongmei and Zhang, Yanning and Wang, Fengna and Gonzalez, Isabel and Valentin, Enescu and Sahli, Hichem},
  booktitle={Affective Computing and Intelligent Interaction (ACII), 2013 Humaine Association Conference on},
  pages={312--317},
  year={2013},
  organization={IEEE}
},

@inproceedings{graves2013speech,
  title={Speech recognition with deep recurrent neural networks},
  author={Graves, Alex and Mohamed, Abdel-rahman and Hinton, Geoffrey},
  booktitle={Acoustics, speech and signal processing (icassp), 2013 ieee international conference on},
  pages={6645--6649},
  year={2013},
  organization={IEEE}
},


@article{stowell2014automatic,
  title={Automatic large-scale classification of bird sounds is strongly improved by unsupervised feature learning},
  author={Stowell, Dan and Plumbley, Mark D},
  journal={PeerJ},
  volume={2},
  pages={e488},
  year={2014},
  publisher={PeerJ Inc.}
},

@article{simonyan2014very,
  title={Very deep convolutional networks for large-scale image recognition},
  author={Simonyan, Karen and Zisserman, Andrew},
  journal={arXiv preprint arXiv:1409.1556},
  year={2014}
},

@article{krizhevsky2009learning,
  title={Learning multiple layers of features from tiny images},
  author={Krizhevsky, Alex and Hinton, Geoffrey},
  year={2009},
  publisher={Technical report, University of Toronto}
},

@article{ILSVRC15,
Author = {Olga Russakovsky and Jia Deng and Hao Su and Jonathan Krause and Sanjeev Satheesh and Sean Ma and Zhiheng Huang and Andrej Karpathy and Aditya Khosla and Michael Bernstein and Alexander C. Berg and Li Fei-Fei},
Title = {{ImageNet Large Scale Visual Recognition Challenge}},
Year = {2015},
journal   = {International Journal of Computer Vision (IJCV)},
doi = {10.1007/s11263-015-0816-y},
volume={115},
number={3},
pages={211-252}
},

@inproceedings{simard2003best,
  title={Best practices for convolutional neural networks applied to visual document analysis.},
  author={Simard, Patrice Y and Steinkraus, David and Platt, John C and others},
  booktitle={ICDAR},
  volume={3},
  pages={958--962},
  year={2003}
},

@inproceedings{he2016deep,
  title={Deep residual learning for image recognition},
  author={He, Kaiming and Zhang, Xiangyu and Ren, Shaoqing and Sun, Jian},
  booktitle={Proceedings of the IEEE conference on computer vision and pattern recognition},
  pages={770--778},
  year={2016}
},

@article{russakovsky2014imagenet,
  title={Imagenet large scale visual recognition challenge},
  author={Russakovsky, Olga and Deng, Jia and Su, Hao and Krause, Jonathan and Satheesh, Sanjeev and Ma, Sean and Huang, Zhiheng and Karpathy, Andrej and Khosla, Aditya and Bernstein, Michael and others},
  journal={arXiv preprint arXiv:1409.0575},
  year={2014}
},

@inproceedings{soltau2010ibm,
  title={The IBM Attila speech recognition toolkit},
  author={Soltau, Hagen and Saon, George and Kingsbury, Brian},
  booktitle={Spoken Language Technology Workshop (SLT), 2010 IEEE},
  pages={97--102},
  year={2010},
  organization={IEEE}
},

@inproceedings{graves2009offline,
  title={Offline handwriting recognition with multidimensional recurrent neural networks},
  author={Graves, Alex and Schmidhuber, J{\"u}rgen},
  booktitle={Advances in neural information processing systems},
  pages={545--552},
  year={2009}
},

@inproceedings{graves2008unconstrained,
  title={Unconstrained on-line handwriting recognition with recurrent neural networks},
  author={Graves, Alex and Liwicki, Marcus and Bunke, Horst and Schmidhuber, J{\"u}rgen and Fern{\'a}ndez, Santiago},
  booktitle={Advances in Neural Information Processing Systems},
  pages={577--584},
  year={2008}
},


@article{brown1991calculation,
  title={Calculation of a constant Q spectral transform},
  author={Brown, Judith C},
  journal={The Journal of the Acoustical Society of America},
  volume={89},
  number={1},
  pages={425--434},
  year={1991},
  publisher={ASA}
},







































